
@inproceedings{klein_accurate_2003,
	booktitle = {Proc. ACL '03},
	title = {Accurate unlexicalized parsing},
	url = {http://dx.doi.org/10.3115/1075096.1075150},
	doi = {http://dx.doi.org/10.3115/1075096.1075150},
	author = {Klein, Dan and Manning, Christopher D},
	volume= {1},
	pages={423--430},
	year = {2003},
},

@article{gibbs_building_2012,
	title = {Building Better Digital Humanities Tools},
	volume = {6},
	journal = {DH Quarterly},
	shorttitle = {Building Better Digital Humanities Tools},
	url = {http://www.digitalhumanities.org/dhq/vol/6/2/000136/000136.html},
	number = {2},
	urldate = {2013-05-17},
	author = {Gibbs, Fred and Owens, Trevor},
	year = {2012},
	file = {DHQ Snapshot:/Users/aditi/Library/Application Support/Zotero/Profiles/80tyuj7g.default/zotero/storage/PXBAFQCP/000136.html:text/html}
}


@inproceedings{don2007discovering,
  title={Discovering interesting usage patterns in text collections},
  author={Don, Anthony and Zheleva, Elena and Gregory, Machon and Tarkan, Sureyya and Auvil, Loretta and Clement, Tanya and Shneiderman, Ben and Plaisant, Catherine},
  booktitle={{CIKM}},
  pages={213--222},
  year={2007},
  organization={ACM}
}


@inproceedings{donn1996query,
  title={Query previews in networked information systems},
  author={Donn, K and Plaisant, Catherine and Shneiderman, Ben},
  booktitle={ Advances in Digital Libraries `96.},
  pages={120--129},
  year={1996},
  organization={IEEE}
}

@article{ahlberg1996spotfire,
  title={Spotfire: an information exploration environment},
  author={Ahlberg, Christopher},
  journal={SIGMOD},
  volume={25},
  number={4},
  pages={25--29},
  year={1996},
  publisher={ACM}
}

@article{stolte2002polaris,
  title={Polaris: A system for query, analysis, and visualization of multidimensional relational databases},
  author={Stolte, Chris and Tang, Diane and Hanrahan, Pat},
  journal={IEEE Visualization and Computer Graphics},
  volume={8},
  number={1},
  pages={52--65},
  year={2002},
  publisher={IEEE}
}


@article{mueller_digital_2008,
	title = {Digital Shakespeare, or towards a literary informatics},
	volume = {4},
	issn = {1745-0918},
	url = {http://www.tandfonline.com/doi/abs/10.1080/17450910802295179},
	doi = {10.1080/17450910802295179},
	number = {3},
	journal = {Shakespeare},
	publisher={Routledge},
	author = {Mueller, Martin},
	year = {2008},
	pages = {284--301}
}
